3522 2839
290 574 746 712 {MN}
257 709 783 796 {MN}
404 772 566 872 {MN}
3181 136 3322 205 {MT}
661 391 3345 534 P. D. in Ch r ist um Venerade et amatiss: Bullingere magnas tibi gras ago per lus
768 541 3342 651 nus. Prisé expectauit senex nost atroriora ab Antichro, et abatus. In ono collo¬
781 618 3332 741 cauit ocum fiduria sua. huc orabitis nobiscu, ne sinat dicar hostes sin nois: Vbi
781 704 3345 805 C Chrud istorum! Colonia cui tota cum praepuis ex capitulo, et maiore parte fu
791 798 3359 905 rit contra nos intredibili furore, non est ligatoem, sed extinctoem seins molie,
788 868 3355 978 tis. Couentus Procuris hebit. 23. Julii ad concludendum de Reformator, mij
781 952 3335 1072 formula composita u. In quo conuetu nisi pnq. retineat in officio tres reliquos
791 1022 3379 1152 à Caplo. ordines, comitusen, Eqtum, et oppidoru, magna erit sanctorum deicetio¬
805 1139 3372 1249 et contra nomo chri in sultatio apud Impios. Bellis, et Epiturismo. Chrique apte
811 1219 3365 1352 oppugnatoe Germania fatu suu acrelerat. Dnus aut sine omn avducat, plaenaqe
795 1265 3365 1426 suoru redemptoez fatiat, aut seruet et angeat paru su u gregé, ne sile stat in
801 1366 3339 1492 uoratio nois cuis. Comenda me, qugo, diligent dymistis tius oib., quos cum
811 1439 3365 1599 Entia et Schola uestra Chrij custoriat et bndicat Anno. Idem nobis praeter. o. Phi¬
818 1559 1910 1743 lippus, et Pistorii. Bonum 21 Julii
2724 1743 3209 1926 M. Baccrus
2751 1900 3202 2047 tuym Dno
