3523 5339
217 2881 519 2990 {MN}
224 2985 508 3066 {MN}
242 4099 477 4198 {MN}
602 3564 824 3694 domini
2961 116 3109 243 113
489 278 3155 542 Gram et Parem Chì, in domo sum es Ignotq
468 419 3127 658 proc vncii Anton Aligna Isuntudo in finum
489 567 3134 831 Interessir te fertig het Germanith. es pietti
489 764 3130 982 per Volus Necessarijs magna in fiscura te
496 940 3130 1148 tum offitium postularii Judico, vns N60 dicam
496 1018 3233 1349 Quod te forir volo. Auto Biemu dudii
507 1243 3254 1468 pruittes pelaras, in pagis, in oppitis multam, et
489 1366 3222 1673 in Inventis miseremi pti, illa-Tramus,
496 1525 3324 1863 2 Immers totius Religionis Ormany, pp 1 - Turco
489 1655 3173 2004 funditq mortia, Nus Viro zu Vltima pti
486 1782 3324 2106 Marij, zu Jugenti multitudin, Vomit Injengaen
489 1940 3201 2299 Pma es eins perctus tam sittigit vndam
2852 2046 3190 2166 2. pli 2.
500 2106 3317 2444 mon-incust Duestach totam plamine jungerig
472 2236 3264 2563 Jangh mitta spes Mij Liberationis Posita ist.
482 2394 3289 2778 In Vielen Grünnig, Sie zu solo zu drei, sie sich
486 2571 3183 2873 Juxo. nur maxum in die Agenden ist, die¬
507 2743 3289 3025 Vsto Imuete pcto, es Afflistione, sub qua posita
518 2866 3278 3176 C’est illa calomique cettia qui, ist Inhänger
496 3081 3176 3331 Patt nu domi te vorgo per sua Garitti, es
479 3173 3148 3504 Pette qua dienstus es eige untiam Dn.
479 3335 3299 3655 vande mn. vrou seta ictia fundos pris ad domno
454 3518 3254 3814 quo digniter illam Jugentem eine mitigen, quo
458 3655 3144 3972 Affligiter, Anmlich Amis, Curia lt u, sich ist
500 3873 3240 4088 In Vlignis Gungorio. Soo ist gehen gaed te volnen¬
489 4014 3254 4208 nomine utlie Afflasto tempq Bruntas no suis
479 4173 3176 4395 nur plußirte Inscribendo. Votum it domus kei¬
461 4243 3233 4539 Je welcis sey vlilitten. Fransofordin - Im pmo die
472 4380 2313 4627 Aprilis seine die p. 3. XXXX2
489 4535 3042 4771 Gregerius Relemijesij Notione Jungerus etc. Gallia
475 4595 3299 4873 Nus quam veruertötig zue poterung: Ihres motens Actum
2268 4733 3310 4898 xvigeth Jungeris qui
2243 4831 3106 4983 Vorte Pfersahm
2194 4916 3144 5042 Wormeynen ad Regen
2190 4965 3243 5113 fur die andern pter gegde
2493 5028 3324 5148 pctum quod tumpt
2201 5078 3261 5215 henngerich in germani
