2479 3508
2137 626 2280 685 {MT}[121.]
467 754 2385 921 S. Laetor, dum boni viri tolluntur in sublime, quod factum apud te hac mi
558 912 2385 1012 sera tempestate scribis. Faciat deus, ut res cedat in gloriam suam. De comi
549 995 2397 1088 tiis Augustanis nondum quicquam comperti habeo. De foedere autem inter pon
549 1072 2391 1166 tificem et Gallum illud audio: Convenit, ut rex Lutheranismum extir
561 1143 2409 1245 pet apud suos et a sorore incipiat; hanc si non possit abstrahere, in exi
543 1220 2373 1334 lium eiiciat. In hoc pacto si fortis sit, promisit papa ex rege imperatorem
543 1305 2385 1420 se facturum, tum et novum regem Ro creaturum. Ut autem pontifici satisfie
549 1386 2379 1491 ret aliquo modo, aiunt mox duos fratres et sororem Farelli submersos
549 1477 2379 1582 a rege. Pontifex contra caesarem hoc habet: Hunc promisisse de concilio,
549 1549 2394 1666 quae non praestiterit, item de Germania domanda, quod nunquam tenta
558 1631 2397 1749 verit, quamobrem aliter se contra nequaquam agere posse. Vide, mi Bullin
564 1715 2379 1830 gere, concilium, tale nanque, qualis fuisset disputatio Badensis, si eo ve
555 1805 2358 1907 nisset Zuinglius. Haec omnia vir dixit quibusdam ex primoribus no
549 1888 2319 1991 stris, cui nihil regis fuit hactenus incognitum. De auri pondere fac
558 1966 2328 2069 me certiorem, postquam tu factus certior fueris. Vale cum tuis et fratribus
558 2046 2343 2149 omnibus, in primis Utingero. Basileae, anno 33 mense
537 2163 821 2233 decembri.
1976 2279 2328 2386 Os. Myconius
2030 2384 2158 2448 tuus.
