3304 5160
1554 177 1687 350 IX
2915 202 3042 416 19
614 397 3104 537 Gratiam et infa innocentiam a dno Ego uvo neneemde
670 462 3151 676 frater non facile loco cedance. Pastore es Omes tibi ge¬
676 592 3142 775 gunt Nunc agitur de pabulo omnium, o pames quos sit ans
682 692 3135 875 mitos dispensandi patuli Vniuersitas anno authec
676 853 3145 983 tum sibi copit vendicare, subditis sibi pastorib. quod
698 915 3117 1135 moch atge libere eo ingenne administratimt pab
688 1039 3151 1225 illa niet e mexet, Aliter et conciomendum es euch
698 1169 3145 1383 einem nur von ita proponatur so wirts doch mitt der
695 1265 3145 1482 zyt also von Quis nouit quales futum sint ati¬
688 1368 3160 1569 universitatis praesides? Rectia est ille Auch vn
716 1479 3154 1672 sitas non i exclia, ei uitrum nisi impia sit. 80
726 1600 3135 1802 unbette de doctoribus Doctoris ecclesiam pasto¬
729 1712 3123 1913 gut, ein ein ministros se in dus agrosunt ein¬
707 1836 3163 2003 was vnnd sy keine vnd fernn mitt den hochfertigen be¬
710 1929 3138 2106 werck vmb? fortitere te illis oppon. Numero
692 2031 3154 2248 te negotium tot aectia propositum. Na reede
695 2158 3132 2338 id bapticium eccliae aliquam usumentarum, quod hoc
698 2264 3120 2484 Frawfordiae nous wenmisse doleo, compinsence
741 2369 3055 2571 ut 6 einen ijus aus traquillis, id a flepibilibus
726 2484 3027 2695 tota eaum religionis contrae quaesit. Juget
698 2630 3138 2816 Augustus et Caesus arbitros. Am in potement aliqui
701 2766 3126 2924 Vimmiessitete 4 einen meinem schuldigen Hn.
685 2878 3157 3055 nun summa eo pro sibiter contra nimia monta
723 2980 3145 3200 proscime? Denn so muß mens also haben mn
726 3064 3173 3318 gewöllem. Am no consultum respondittit Imamnes
701 3207 3157 3393 die Veritati imitimus canonitae Huic imor
704 3362 3160 3517 Ei notis erreare indem etc. scripturis gemeinte, a
701 3449 3166 3644 cilati Quorum opus erat colloquam admittire
704 3585 3179 3740 illis de quit. quid specie no ignoramque 8. ca
704 3644 3173 3861 Eure cum serpenti vn cissit, nobis quod colloquia
710 3780 3107 3976 Papistis de sposition chœi & bebiet id e
716 3883 3182 4084 gebij eo papis ein bui rectet. Bed huc specta uit
716 4001 3142 4184 sinda comondadi ein mexum studium. Vsti as
710 4115 3163 4320 compositionem etiam cum monachis eo pfeffis imo
732 4227 3154 4416 B&d her tibi ut fide in comum eo simm tinn
713 4339 3045 4556 do. Te in Tycomi factis bis simplicii
713 4444 2937 4674 ten stadens e valeas anno in monc.
726 4534 3070 4751 derwertigk niet eijns vnd pfäffischen sind
735 4689 3188 4878 wachet in fröuden, die vnsern hoch beckün¬
