2479 3508
2250 454 2371 526 {MT}[34.]
447 596 2257 671 Gnad und frid vonn gott. Fürgeliepter bruͦder, ich bitt
513 684 2304 775 üch früntlich, ir wöllend üch dise arme xellen bevol
519 770 2298 870 hen haben inn üwer fürpitt gägen minen herrenn
513 862 2340 967 vonn Basel, ann die sy ein bitt umb ein stür thuͦn wer
516 959 2334 1071 dent. Dann sy dem Honegger200 gen gäben muͤssend,
528 1046 2266 1169 da sy aber wenig schuldig wärend, wann sust die
528 1137 2382 1274 sachen rächt zuͦgiengen. Min herren vonn Zürych ha
528 1235 2373 1373 bend inen geschenckt 100 lb min herren vonn Bernn
516 1322 2298 1476 100 lb. Dann, meerteyls dero, so inn der schuld, sind
495 1417 2355 1564 redlich xellen, aber armm. Sy hättend gernn ge
507 1528 2340 1663 holfen, daß der Honegger gestraafft were, ruͦfftennd
513 1627 2352 1752 deßhalb min herren vonn Zürych an imm ersten Cap
513 1744 2337 1840 pler zug. Es ward aber dem Honegger verschonet.
516 1816 2343 1945 Jetzund, so der wurff imm und sins gelychen in die
507 1901 2325 2045 hand worden, trybend sy iro muͦtwillen mitt
507 1994 2352 2140 sömlichen armen xellen. Der saltzherr und an
507 2089 2355 2230 dere Baßler wüssend wol vonn dem handel. So
510 2181 2289 2327 könnend üch zöuger diß brieffs wol berichten.
531 2276 2388 2414 Thund üwernn müglichen flyß, pitt ich. Sind
516 2385 1815 2513 gott befolhen. 22. aprilis 1534.
1394 2569 2230 2647 Heinrych Bullinger,
1483 2649 2063 2715 üwer getruwer.
