3508 2479
3017 99 3191 195 {MT}[37.]
456 193 3127 255 S. Uff 12 statt der ratt uff, kumpt min bott, hab ich von stund an dine brieff uffs gwissest versorget,
495 265 3171 343 suͦchen Sepianum, zeig imm din brieff, zeigt er mir an, daß in gheim beschlossen, unsern botten zuͦ gschriben,
480 342 3133 432 kein richtung anzenämen, so dem globen nachteilig. So es aber nitt anders möchte sin, söllend sy
480 414 3088 489 sich erlütren, si habend in allem scheiden das beest  gethon, diewil es aber zuͦ nachteil reicht unsers gloubens,
477 473 3231 558 wellind min herren damitt nütt ze schaffen haben, jedoch sich hiemitt erlütren, so jemant understuͤnde,
474 530 3130 627 mitt gwalt und gewerter hand durch ir land und ertrich ze zühen, werdind sy sömlichs nitt
460 602 3052 720 gstatten, sunder ir land und ertrich vor gwalt ze schirmen. Hoc a Sępiano intellexi. Wie wol es
480 667 3210 779 dahin kummen, das die von stat und land Soloturn soltend ze allen siten heimzihen und erwarten, was die schidlütt
486 739 3121 845 uff die unsern ordnind, ussgenomen die 8 man, deren sy zum ersten begert, die söllind ir land
483 814 3136 925 und biet rumen. Deinde sind fier papisten Saloturenses an ein puren kummen, so mitt einer hellenbarten
495 882 3070 997 und schlachtschwert bewert, im  gfraget, wo er hin welle. Hat er bekent, ad nostrę fidei fratres. Hend
487 960 3120 1079 si uff inn gschlagen, hatt er sich gewert und zwen ghüwen, daß si tod sind. Wo die übrigen
486 1025 3070 1146 nitt abtretten, wär es inen als bald ouch übel graten. Hęc nunc habeo. Indefessum me comperies, modo
507 1115 1642 1214 nuncios habeam, quibus fidam. Vale ut supra.
2132 1200 2383 1329 B. H.
