2479 3508
460 287 2254 440 S. De statu vestro, quod petieram, ne tu verbum quidem dedisti. Vereor, quid sit. Non audes
525 448 2221 500 aut doles ob iniquitatem multorum. Non tacebo tamen quae interea temporis audivi de
531 516 2233 573 tu is. Principio: Incolas omnes expelli, ni civitatem emant. Quod duplici ratione videtur
534 581 2254 640 impietatis consilio fieri. Sic enim facilius poterit tyrannis contra evangelium insanire
537 639 2233 709 et vincere. Et privantur boni cives auxilio laborum quotidianorum, unde tedio moti
531 707 2254 783 demum, ubi viderint omnia infausta, desperatione veluti deficient nullo ferme negocio. Bo
531 771 2266 848 ne deus, quibus consiliis hic opus quibusque orationibus ad deum?Deinde pro certo rela¬
531 836 2277 923 tum Trogerum istum superioribus diebus non alia de causa fuisse Tiguri, quam ut clam
542 910 2260 1012 persuadeat ad pensiones reditum. Rumor item Lucernae natus et pecunię
543 998 2257 1072 nonnihil iam dispensatum et a nescio quo Tigurino receptum. Pereundum potius
543 1063 2271 1141 omnibus nobis, quam patiendum, ut pensiones redeant. Novi, qui palam inter
543 1134 2274 1219 tuos disputare coeperit vetus in Helvetiis proverbium esse tales esse nos, ut
549 1203 2271 1293 si non foris belligeremus, inter nos congrediamur. Nominarem blandum istum
552 1281 2277 1371 tibi, si tuto possem. Provinciam duram sustines, mi Heinriche. Deum in¬
543 1362 2289 1452 cessanter invocabis, ut auxilio sit praesens tibi, si quo modo gravia ista supera¬
549 1436 2277 1517 ri queant. Cęterum vide et consydera rei iamiam patratae gravitatem. Voca¬
549 1510 2245 1592 tis bonos viros tanquam consultaturi de rebus matrimonialibus. Postquam adsunt
555 1585 2254 1666 illi, non pudet confiteri palam. Nihil interea super ea re tractatum a vobis.
546 1659 2289 1762 Pro vanitatem!Consultabis cum tuis, quo pacto sit tantae calamitati obvian¬
552 1737 2289 1828 dum. Quae institui, acceperim adversus Bernenses. Nunc continebo, usque dum tem¬
561 1817 2266 1902 pus erit. Tandem ad epistolam tuam. Satis sum contentus de responsione tua,
555 1890 2242 1977 libellum autem, de quo itidem inveni apud Zuinglium, non vidi nec invenio hic
558 1958 2271 2052 empturus alioqui. Quid, si mittas soluturo?Gratum est certe postremum illud in
567 2032 2254 2129 literis tuis de censibus. Aliter etenim res omnis ad me delata. Fecisset, ut omnino
549 2113 2277 2198 impegissemus. De Lavatero breviter ita habeto. Si manserit Otho, ni¬
549 2188 2269 2279 hil est, quod contra dicam. Si non manserit, non dubito, quin tum nec ipse
564 2259 2289 2347 nec pater apud me velit hunc cohabitare. In votis est alioqui, imo
564 2334 2266 2419 gauderem, si quomodo possem Lavetero  patri gratificari. Vestrum erit
561 2409 2254 2488 iam amplius consultare, quid hic sit agendum. Habetis animum meum. Vale
567 2487 2271 2575 per dominum. Esto fortis. Deus suos non derelinquet. Basileae, 20. iulii
567 2586 1343 2641 anno 1533. O. M.
958 2725 1552 2792 Literae omnes a Rheto sunt
1857 2723 2175 2792 {MT}[O.M.]
1095 2800 1346 2852 redditae etc.
