3549 5438
178 784 653 868 {MN}
230 842 644 931 {MN}
191 914 633 1004 {MN}
349 971 511 1069 {MN}
205 3556 744 3644 {MN}
190 3647 828 3731 {MN}
656 596 3490 812 timam duram, idsoque haud absque conscientiae scrupulo vorationi
632 716 3455 963 -acquiesiam, licet granibus causis ad Justus ego reuocari et ru¬
656 850 3451 1122 praierim, et etiamu cupiam, desideremque: Qui namque totus
639 981 3441 1172 comemptus, spietus, neglectus praecetens, metumque facta,
621 1133 3426 1380 transasta omnia, ut comicus adolestens conquerebatum et si
628 1288 3455 1563 alicui fundioni alij ab his olim fuero prefertus tamen me
653 1454 3356 1676 ijs dem fidei suspectum vereber, auxieque supicaben, utpote
632 1591 3458 1768 rui rane uehementius, et angui comitteren concredereq qui
646 1747 3416 1930 quae alijs roae qualibus dudum comisere, horruerint. Nam ut
656 1831 3430 2040 eos parum de me frugis. bons et expestare et sperare persuasum ha¬
656 1973 3448 2223 beam facit, quod ante cum Basiles, parpurgique agerem tam morala¬
667 2103 3448 2290 ci, ac in tollerabili fere muestina in me licht iunoxium ferrentim ta¬
649 2262 3433 2456 quam omnis in Decum patriam, praeceptores, ac patronos pietatis oblitiu
660 2400 3412 2551 Quod si idem etiam jam sentiunt de me, prudenter fariunt, quod
656 2530 3426 2682 me ad inclycae Errlesiae uestrae officia administranda adhibere re¬
660 2657 3448 2827 nuunt prinsque euidens melioris de me frugis sperimen aedam: Nam
653 2752 3455 2950 sic udens, sciensque uidensque offendiculo essem futurus, quo an aliud pra¬
656 2876 3373 3109 nius, vel saluatore teste, crimen queat a me admittinescio. Quia
660 3010 3402 3183 uero tot uerbis haer conqueror, et deploro? Quasi uero ante me nulli
639 3134 3416 3381 aut eadem, aut similia obtigerint: Solatij enim est miseris sotios ha
642 3278 3430 3501 bere malorum: An non siquidem accidir idem pis memone niro soan
660 3455 3423 3599 in Rhellicano affinis et praeceptori meo colendo, eidemque nga. Teguri
639 3585 3409 3748 nam Ecclesiam, et Rempub: opume affestos nec parum de eadem com¬
656 3705 3416 3871 erito, id quod ab obitu eius libellus aeditus restatur, quo rigurum
653 3808 3402 4040 Tigurinosq per sese quidem satis claros, honorificis tamen encomijs,
646 3945 3416 4160 omare, atque celebrare, sicq ue gratitudinem, pietatemque in patriam sua
663 4125 3416 4309 exerire studuit. At ipse interim totam fere tanq exalem quod amo¬
649 4291 3430 4446 do uitam extra dulcissimae patrie limites conterere fuit roastus,
646 4439 3426 4679 net unq in eas quamque id nunqƺ non ardencissimus ardmissimus expeti-
639 4584 3398 4764 uerit notis, commoda potiri conditione quinit. Haer adie cripsi
639 4729 3444 4954 liberius, copiqueque fietus parum conscientia effitij tui beneuolentiaque,
632 4887 3451 5134 quam in me quoad poteris conservatis, partim statuti mij non ampli¬
