3508 2479
539 145 3195 273 S. Quod ad frequentes et eas quidem gratissimas epistolas, charissime frater, nihil responderim,
558 216 3207 330 non negligentię, sed absentię potius ascribas.Invisimus capitulatim universi agri ministros,
564 284 3109 414 atque id per tres septimanas, et ecclesiarum, ministrorum, simul et praefectorum tum negligentiam, tum
582 372 3058 494 vigilantiam ita percontati sumus, ut nihil certius nunc senatui nostro offerre possimus
585 440 3094 563 quam sui agri statum. Convocantur 10. novembris omnes praefecti in urbem nostram. Commendabitur
579 508 3145 638 illis, quatenus maiori studio dei gloriam promoveant, vitiis obstent, quam hactenus factum sit.
567 583 3124 709 Utinam senatus uterque pro voto et ex animo omnia agat. Dedimus illi in manus, quid, cum quibus
579 654 3139 781 et quo ordine omnia agere debeant. Invenimus etiam profectum capitulorum, dum ita a nobis visitantur.
567 723 3174 856 Observamus doctrinę, morum et vitę, familię, ecclesiarum et praefectorum censuram, instamus monendo
585 801 3100 933 et minando quam constantissime, et sentimus, quantum obfuerit hactenus oscitantia nostra. Monuimus
595 878 3079 1009 fratres omnes, quatenus omnibus viribus, sed solida veritate et modestia, se papismo opponant
594 959 3165 1089 totamque illam religionem ita depingant, ut nemo non sit, qui imposturam illam intelligat. Monuimus,
576 1040 3159 1168 ut omnium rerum et hominum turbam, temporum pericula, iram domini imminentem perpendant instare securim ad
567 1120 3186 1248 arboris radicem. Haec me impedierunt, ut hactenus nihil responderim. Remitto, quae petis. Displicet
576 1186 3165 1310 nebulonis illius redempta captivitas, et utinam non reddatur illa benignitate deterior, quemadmodum apud
579 1261 3195 1369 nos omnes fieri soleat. Paulum Rasdorffer vellem ex animo apud nos habere locum, sed nulla
585 1327 3159 1439 dum se obtulit occasio. Quam primum hominem iuvare poterimus, nemo apud nos illi deerit.
518 1393 3148 1569 Ipse scis, quam plebs abominetur linguam alienam. Nulla apud nos sunt nova. Expectamus
576 1465 3016 1588 a comitiis. Interim si quid apud vos acciderit, scribe. Vale et deum pro nobis ora.
695 1601 1311 1652 9. novembris anno 32
2237 1640 2986 1713 Tuum minimum nummisma.
