3304 5160
565 171 3201 338 besorgend vß dem componierte werd mit mehme wil¬
592 269 3191 437 träet die von iub warnd Schluchts nenn wir
578 368 3194 572 ohne composition munnen, die warheijt ist zu
592 523 3217 661 heijten darumb wirth ein groß verfolgen gu¬
578 601 3201 789 ben. Gott verlijch der einfalten warheijt 8ys Anno
578 716 3194 871 plura nunc no potini. Nam nicht denn abcolung nicht
621 815 3207 1022 syndi. Anna ein Vini o malo eo cito samb
585 930 3214 1130 wir ofellt die fernefenetistl. handlung in ha¬
657 1088 3211 1206 ut ut libera Fin dicam in mei secret. The
595 1196 3204 1344 dorum pellicamque e reliqui te saluere inbet
601 1288 1627 1508 7 May 1. 5. 39
2146 1400 3211 1669 H. B—Ungaas ten
